
@inproceedings{MuschollPuppis,
	series = {Leibniz {International} {Proceedings} in {Informatics} ({LIPIcs})},
	title = {The {Many} {Facets} of {String} {Transducers}},
	volume = {126},
	isbn = {978-3-95977-100-9},
	doi = {10.4230/LIPIcs.STACS.2019.2},
	booktitle = {36th {International} {Symposium} on {Theoretical} {Aspects} of {Computer} {Science} ({STACS} 2019)},
	publisher = {Schloss Dagstuhl–Leibniz-Zentrum fuer Informatik},
	author = {Muscholl, Anca and Puppis, Gabriele},
	editor = {Niedermeier, Rolf and Paul, Christophe},
	year = {2019},
	pages = {2:1--2:21},
}
@book{sakarovitch2009elements,
  title={Elements of Automata Theory},
  DOI={10.1017/CBO9781139195218},
  publisher={Cambridge University Press},
  author={Sakarovitch, Jacques},
  note={Translated by Reuben Thomas},
  year={2009},
}

@inproceedings{bojanczykTransducersOriginInformation2014,
  author    = {Mikołaj Bojańczyk},
  editor    = {Javier Esparza and
               Pierre Fraigniaud and
               Thore Husfeldt and
               Elias Koutsoupias},
  title     = {Transducers with Origin Information},
  booktitle = {Automata, Languages, and Programming - 41st International Colloquium,
               {ICALP} 2014, Copenhagen, Denmark, July 8-11, 2014, Proceedings, Part
               {II}},
  series    = {Lecture Notes in Computer Science},
  volume    = {8573},
  pages     = {26--37},
  publisher = {Springer},
  year      = {2014},
  doi       = {10.1007/978-3-662-43951-7_3},
}


@article{rhodes1989kernel,
	author = {Rhodes, John and Tilson, Bret},
	journal = {Journal of Pure and Applied Algebra},
	number = {3},
	pages = {227--268},
	title = {The kernel of monoid morphisms},
	volume = {62},
	year = {1989},
  doi = {10.1016/0022-4049(89)90137-0}
}


@inproceedings{AlurFT12,
  author    = {Rajeev Alur and
               Emmanuel Filiot and
               Ashutosh Trivedi},
  title     = {Regular Transformations of Infinite Strings},
  booktitle = {Proceedings of the 27th Annual {IEEE} Symposium on Logic in Computer
               Science, {LICS} 2012, Dubrovnik, Croatia, June 25-28, 2012},
  pages     = {65--74},
  publisher = {{IEEE} Computer Society},
  year      = {2012},
  doi       = {10.1109/LICS.2012.18},
}


@article{filiotR16,
	author = {Emmanuel Filiot and Pierre{-}Alain Reynier},
	journal = {{SIGLOG} News},
	number = {3},
	pages = {4--19},
	title = {Transducers, logic and algebra for functions of finite words},
	volume = {3},
	year = {2016}}


@article{CopyfulSST,
  author    = {Emmanuel Filiot and
               Pierre{-}Alain Reynier},
  title     = {Copyful Streaming String Transducers},
  journal   = {Fundamenta Informaticae},
  volume    = {178},
  number    = {1-2},
  pages     = {59--76},
  month     = jan,
  year      = {2021},
  doi       = {10.3233/FI-2021-1998},
}
@misc{FOTree,
  title = {First-order tree-to-tree functions},
  author    = {Bojańczyk, Mikołaj and Doumane, Amina},
      year={2020},
      eprint={2002.09307v2},
      archivePrefix={arXiv},
      primaryClass={cs.FL},
  note = {Corrected version with erratum of a LICS 2020 paper}
}
@article{AperiodicSST,
	title = {Aperiodic {String} {Transducers}},
	volume = {29},
	issn = {0129-0541, 1793-6373},
	doi = {10.1142/S0129054118420054},
	language = {en},
	number = {05},
	journal = {International Journal of Foundations of Computer Science},
	author = {Dartois, Luc and Jecker, Ismaël and Reynier, Pierre-Alain},
	month = aug,
	year = {2018},
	pages = {801--824},
}
@article{MacroMSO,
	title = {Macro {Tree} {Transducers}, {Attribute} {Grammars}, and {MSO} {Definable} {Tree} {Translations}},
	volume = {154},
	issn = {0890-5401},
	doi = {10.1006/inco.1999.2807},
	number = {1},
	journal = {Information and Computation},
	author = {Engelfriet, Joost and Maneth, Sebastian},
	month = oct,
	year = {1999},
	pages = {34--91},
}
@phdthesis{titoPhD,
  TITLE = {Implicit automata in linear logic and categorical transducer theory},
  AUTHOR = {Nguy\~{\^e}n, Lê Thành Dũng},
  URL = {https://theses.hal.science/tel-04132636},
  SCHOOL = {Université Paris XIII (Sorbonne Paris Nord)},
  YEAR = {2021},
  MONTH = Dec,
}
@inproceedings{IATLC,
  title = {Implicit automata in typed $\lambda$-calculi {I}: aperiodicity in a non-commutative logic},
  author = {Nguy\~{\^e}n, Lê Thành Dũng and Pradic, Cécilia},
  editor    = {Artur Czumaj and
               Anuj Dawar and
               Emanuela Merelli},
  booktitle = {47th International Colloquium on Automata, Languages, and Programming,
               {ICALP} 2020, July 8-11, 2020, Saarbr{\"{u}}cken, Germany (Virtual
               Conference)},
  series    = {LIPIcs},
  volume    = {168},
  pages     = {135:1--135:20},
  publisher = {Schloss Dagstuhl - Leibniz-Zentrum für Informatik},
  year      = {2020},
  doi       = {10.4230/LIPIcs.ICALP.2020.135},
}
@inproceedings{LambdaTransducer,
  author    = {Paul Gallot and
               Aurélien Lemay and
               Sylvain Salvati},
  editor    = {Javier Esparza and
               Daniel Kr{\'{a}}l'},
  title     = {Linear High-Order Deterministic Tree Transducers with Regular Look-Ahead},
  booktitle = {45th International Symposium on Mathematical Foundations of Computer
               Science, {MFCS} 2020, August 24-28, 2020, Prague, Czech Republic},
  series    = {LIPIcs},
  volume    = {170},
  pages     = {38:1--38:13},
  publisher = {Schloss Dagstuhl - Leibniz-Zentrum für Informatik},
  year      = {2020},
  doi       = {10.4230/LIPIcs.MFCS.2020.38},
}
@misc{composingSST,
  title = {Composing Copyless Streaming String Transducers},
      author={Alur, Rajeev and Dohmen, Taylor and Trivedi, Ashutosh},
      year={2022},
      eprint={2209.05448},
      archivePrefix={arXiv},
      primaryClass={cs.FL}
}
@inproceedings{ChytilJ77,
  author    = {Michal Chytil and
               Vojtech Jákl},
  editor    = {Arto Salomaa and
               Magnus Steinby},
  title     = {Serial Composition of 2-Way Finite-State Transducers and Simple Programs
               on Strings},
  booktitle = {Automata, Languages and Programming, Fourth Colloquium, University
               of Turku, Finland, July 18-22, 1977, Proceedings},
  series    = {Lecture Notes in Computer Science},
  volume    = {52},
  pages     = {135--147},
  publisher = {Springer},
  year      = {1977},
  doi       = {10.1007/3-540-08342-1_11},
}



@article{shepherdson1959reduction,
  author    = {John C. Shepherdson},
  title     = {The Reduction of Two-Way Automata to One-Way Automata},
  journal = {IBM Journal of Research and Development},
  volume    = {3},
  number    = {2},
  pages     = {198--200},
  month = {April},
  year      = {1959},
  doi       = {10.1147/rd.32.0198},
}
@inproceedings{bojanczykstefanski2020,
  author    = {Mikołaj Bojańczyk and
               Rafał Stefański},
  editor    = {Artur Czumaj and
               Anuj Dawar and
               Emanuela Merelli},
  title     = {Single-Use Automata and Transducers for Infinite Alphabets},
  booktitle = {47th International Colloquium on Automata, Languages, and Programming,
               {ICALP} 2020, July 8-11, 2020, Saarbr{\"{u}}cken, Germany (Virtual
               Conference)},
  series    = {LIPIcs},
  volume    = {168},
  pages     = {113:1--113:14},
  publisher = {Schloss Dagstuhl - Leibniz-Zentrum für Informatik},
  year      = {2020},
  doi       = {10.4230/LIPIcs.ICALP.2020.113},
}
@inproceedings{alurExpressivenessStreamingString2010,
  author    = {Rajeev Alur and
               Pavol {\v{C}}ern{\'{y}}},
  editor    = {Kamal Lodaya and
               Meena Mahajan},
  title     = {Expressiveness of streaming string transducers},
  booktitle = {{IARCS} Annual Conference on Foundations of Software Technology and
               Theoretical Computer Science, {FSTTCS} 2010, December 15-18, 2010,
               Chennai, India},
  series    = {LIPIcs},
  volume    = {8},
  pages     = {1--12},
  publisher = {Schloss Dagstuhl - Leibniz-Zentrum für Informatik},
  year      = {2010},
  doi       = {10.4230/LIPIcs.FSTTCS.2010.1},
}
@inproceedings{alur2014regular,
	address = {Vienna, Austria},
	title = {Regular combinators for string transformations},
	isbn = {978-1-4503-2886-9},
	doi = {10.1145/2603088.2603151},
	language = {en},
	booktitle = {Proceedings of the {Joint} {Meeting} of the {Twenty}-{Third} {EACSL} {Annual} {Conference} on {Computer} {Science} {Logic} ({CSL}) and the {Twenty}-{Ninth} {Annual} {ACM}/{IEEE} {Symposium} on {Logic} in {Computer} {Science} ({LICS}) - {CSL}-{LICS} '14},
	publisher = {ACM Press},
	author = {Alur, Rajeev and Freilich, Adam and Raghothaman, Mukund},
	year = {2014},
	pages = {1--10},
}
@inproceedings{bojanczykRegularFirstOrderList2018,
	address = {Oxford, United Kingdom},
	title = {Regular and {First}-{Order} {List} {Functions}},
	isbn = {978-1-4503-5583-4},
	doi = {10.1145/3209108.3209163},
	language = {en},
	booktitle = {Proceedings of the 33rd {Annual} {ACM}/{IEEE} {Symposium} on {Logic} in {Computer} {Science}  - {LICS} '18},
	publisher = {ACM Press},
	author = {Bojańczyk, Mikołaj and Daviaud, Laure and Krishna, Shankara Narayanan},
	year = {2018},
	pages = {125--134},
}
@unpublished{bojanczyk_automata_2018,
  TITLE = {An automata toolbox},
  AUTHOR = {Bojańczyk, Mikołaj and Czerwiński, Wojciech},
  YEAR = {2018},
  note = {Lecture notes for a course at the University of Warsaw (version of
    February 6, 2018)},
  url = {https://www.mimuw.edu.pl/~bojan/paper/automata-toolbox-book},
}
@book{oxley2011matroid,
	author = {Oxley, James},
	publisher = {Oxford University Press},
	series = {Oxford Graduate Texts in Mathematics},
	title = {Matroid Theory},
	year = {2011}}



@inproceedings{bojanczykForestAlgebras2008,
	author = {Boja\'nczyk, Miko{\l}aj and Walukiewicz, Igor},
	booktitle = {Logic and {{Automata}}: {{History}} and {{Perspectives}} [in {{Honor}} of {{Wolfgang Thomas}}]},
	editor = {Flum, J{\"o}rg and Gr{\"a}del, Erich and Wilke, Thomas},
	pages = {107--132},
	publisher = {{Amsterdam University Press}},
	series = {Texts in {{Logic}} and {{Games}}},
	title = {Forest Algebras},
	volume = {2},
	year = {2008}}

@inproceedings{PolyregSurvey,
  author    = {Mikołaj Bojańczyk},
  editor    = {Christel Baier and
               Dana Fisman},
  title     = {Transducers of polynomial growth},
  booktitle = {{LICS} '22: 37th Annual {ACM/IEEE} Symposium on Logic in Computer
               Science, Haifa, Israel, August 2 - 5, 2022},
  pages     = {1:1--1:27},
  publisher = {{ACM}},
  year      = {2022},
  doi       = {10.1145/3531130.3533326},
}

@incollection{Thomas97,
	address = {Berlin},
	author = {Thomas, Wolfgang},
	booktitle = {Handbook of formal languages, Vol.\ 3},
	pages = {389--455},
	publisher = {Springer},
	title = {Languages, automata, and logic},
	year = 1997}



@inproceedings{msoInterpretations,
  author    = {Mikolaj Bojanczyk and
               Sandra Kiefer and
               Nathan Lhote},
  title     = {String-to-String Interpretations With Polynomial-Size Output},
  booktitle = {46th International Colloquium on Automata, Languages, and Programming,
               {ICALP} 2019, July 9-12, 2019, Patras, Greece},
  pages     = {106:1--106:14},
  year      = {2019},
  doi       = {10.4230/LIPIcs.ICALP.2019.106},
}

@article{engelfrietMSODefinableString2001,
	title = {{MSO} definable string transductions and two-way finite-state transducers},
	volume = {2},
	issn = {15293785},
	doi = {10.1145/371316.371512},
	language = {en},
	number = {2},
	journal = {ACM Transactions on Computational Logic},
	author = {Engelfriet, Joost and Hoogeboom, Hendrik Jan},
	month = apr,
	year = {2001},
	pages = {216--254},
}
@misc{bojanczyk_recobook,
  title = {Languages recognised by finite semigroups, and their generalisations to objects such as trees and graphs, with an emphasis on definability in monadic second-order logic},
      author={Mikołaj Bojańczyk},
      year={2020},
      eprint={2008.11635},
      archivePrefix={arXiv},
      primaryClass={cs.FL}
}

@article{bojanczykRecognisableLanguagesMonads2015,
	author = {Boja\'nczyk, Miko{\l}aj},
	journal = {CoRR},
	title = {Recognisable languages over monads},
	volume = {abs/1502.04898},
	year = {2015}}

@article{ColcombetPetrisan,
	title = {Automata {Minimization}: a {Functorial} {Approach}},
	volume = {16},
  number = {1},
	shorttitle = {Automata {Minimization}},
  doi = {10.23638/LMCS-16(1:32)2020},
	language = {en},
	journal = {Logical Methods in Computer Science},
	author = {Colcombet, Thomas and Petrişan, Daniela},
	month = mar,
	year = {2020},
}

@inproceedings{Parametricity,
  author       = {Claudio Hermida and
                  Uday S. Reddy and
                  Edmund P. Robinson},
  editor       = {John Power and
                  Cai Wingfield},
  title        = {{Logical Relations and Parametricity -- {A} Reynolds Programme for Category
                  Theory and Programming Languages}},
  booktitle    = {Proceedings of the Workshop on Algebra, Coalgebra and Topology, {WACT}
                  2013, Bath, UK, March 1, 2013},
  series       = {Electronic Notes in Theoretical Computer Science},
  volume       = {303},
  pages        = {149--180},
  publisher    = {Elsevier},
  year         = {2013},
  doi          = {10.1016/j.entcs.2014.02.008},
}

